<record><leader>00000cas a2200000 a 4500</leader><controlfield tag="001">33896202</controlfield><controlfield tag="008">951213d193319uufluwr ne      0    0eng c</controlfield><datafield ind1=" " ind2=" " tag="010"><subfield code="a">sn 95047387 </subfield></datafield><datafield ind1=" " ind2=" " tag="040"><subfield code="a">FUG</subfield><subfield code="b">eng</subfield><subfield code="c">FUG</subfield><subfield code="d">OCLCQ</subfield><subfield code="d">OCLCF</subfield><subfield code="d">OCLCO</subfield></datafield><datafield ind1="1" ind2=" " tag="029"><subfield code="a">AU@</subfield><subfield code="b">000012176112</subfield></datafield><datafield ind1=" " ind2=" " tag="042"><subfield code="a">pcc</subfield></datafield><datafield ind1=" " ind2=" " tag="043"><subfield code="a">n-us-fl</subfield></datafield><datafield ind1="0" ind2="0" tag="245"><subfield code="a">Orange County chief.</subfield></datafield><datafield ind1=" " ind2=" " tag="260"><subfield code="a">Apopka, Orange County, Fla. :</subfield><subfield code="b">J.C. Robinson, Frank Hastings</subfield></datafield><datafield ind1=" " ind2=" " tag="300"><subfield code="a">v. :</subfield><subfield code="b">ill.</subfield></datafield><datafield ind1=" " ind2=" " tag="310"><subfield code="a">Weekly,</subfield><subfield code="b">Jan. 5, 1937-[Dec. 26, 1939]</subfield></datafield><datafield ind1=" " ind2=" " tag="321"><subfield code="a">Weekly,</subfield><subfield code="b">Mar. 17, 1933-Aug. 10, 1934</subfield></datafield><datafield ind1=" " ind2=" " tag="321"><subfield code="a">Semiweekly,</subfield><subfield code="b">Aug. 14, 1934-Jan. 1, 1937</subfield></datafield><datafield ind1="0" ind2=" " tag="362"><subfield code="a">Vol. 14, no. 75(Mar. 17, 1933).</subfield></datafield><datafield ind1=" " ind2=" " tag="500"><subfield code="a">Published an "Orlando Section" 1933.</subfield></datafield><datafield ind1=" " ind2=" " tag="500"><subfield code="a">Editor: J.C. Robinson, [1945].</subfield></datafield><datafield ind1=" " ind2=" " tag="500"><subfield code="a">Publisher: J.E. Robinson, [1945].</subfield></datafield><datafield ind1=" " ind2="0" tag="651"><subfield code="a">Apopka (Fla.)</subfield><subfield code="v">Newspapers.</subfield></datafield><datafield ind1=" " ind2="0" tag="651"><subfield code="a">Orlando (Fla.)</subfield><subfield code="v">Newspapers.</subfield></datafield><datafield ind1=" " ind2="0" tag="651"><subfield code="a">Orange County (Fla.)</subfield><subfield code="v">Newspapers.</subfield></datafield><datafield ind1=" " ind2="7" tag="655"><subfield code="a">Newspapers.</subfield><subfield code="2">fast</subfield><subfield code="0">(OCoLC)fst01423814</subfield></datafield><datafield ind1=" " ind2="7" tag="651"><subfield code="a">Florida</subfield><subfield code="z">Apopka.</subfield><subfield code="2">fast</subfield><subfield code="0">(OCoLC)fst01215787</subfield></datafield><datafield ind1=" " ind2="7" tag="651"><subfield code="a">Florida</subfield><subfield code="z">Orange County.</subfield><subfield code="2">fast</subfield><subfield code="0">(OCoLC)fst01211878</subfield></datafield><datafield ind1=" " ind2="7" tag="651"><subfield code="a">Florida</subfield><subfield code="z">Orlando.</subfield><subfield code="2">fast</subfield><subfield code="0">(OCoLC)fst01204036</subfield></datafield><datafield ind1=" " ind2=" " tag="752"><subfield code="a">United States</subfield><subfield code="b">Florida</subfield><subfield code="c">Orange</subfield><subfield code="d">Apopka.</subfield></datafield><datafield ind1=" " ind2=" " tag="752"><subfield code="a">United States</subfield><subfield code="b">Florida</subfield><subfield code="c">Orange</subfield><subfield code="d">Orlando.</subfield></datafield><datafield ind1="0" ind2="0" tag="780"><subfield code="t">Apopka chief (Apopka, Fla. : 1923)</subfield><subfield code="w">(DLC)sn 97027717</subfield><subfield code="w">(OCoLC)36701063</subfield></datafield><datafield ind1="0" ind2="4" tag="785"><subfield code="t">Winter Garden times</subfield><subfield code="w">(DLC)sn 95047388</subfield><subfield code="w">(OCoLC)36699667</subfield></datafield><datafield ind1="0" ind2="4" tag="785"><subfield code="t">Apopka chief</subfield><subfield code="w">(DLC)sn 95047387</subfield><subfield code="w">(OCoLC)33896202</subfield></datafield></record>